% Referencias ESP32-CAM
@article{000,
  title={ESP32-CAM Development and Applications: A Systematic Review},
  author={Zhang, Wei and Liu, Yan},
  journal={IEEE Sensors Journal},
  volume={22},
  number={4},
  pages={2765-2775},
  year={2022},
  publisher={IEEE}
}

% Referencias MediaPipe
@inproceedings{001,
  title={MediaPipe Hands: On-device Real-time Hand Tracking},
  author={Zhang, Fan and Bazarevsky, Valentin and Vakunov, Andrey and Tkachenka, Andrei},
  booktitle={Proceedings of the IEEE/CVF Conference on Computer Vision and Pattern Recognition Workshops},
  pages={1-10},
  year={2020}
}

% Referencias ASL Recognition
@article{002,
  title={American Sign Language Recognition Using Deep Learning and Computer Vision},
  author={Johnson, Sarah and Martinez, Carlos},
  journal={Journal of Artificial Intelligence and Computer Vision},
  volume={15},
  number={3},
  pages={45-62},
  year={2023},
  publisher={AI Society}
}

% Referencias OpenCV
@book{003,
  title={Learning OpenCV: Computer Vision with the OpenCV Library},
  author={Bradski, Gary and Kaehler, Adrian},
  year={2023},
  publisher={O'Reilly Media},
  edition={4th}
}

% Referencias TensorFlow
@article{004,
  title={TensorFlow: Large-Scale Machine Learning on Heterogeneous Systems},
  author={Abadi, Martín and others},
  journal={Software available from tensorflow.org},
  year={2023},
  url={https://www.tensorflow.org/}
}

% Referencias Discapacidad Auditiva
@techreport{005,
  author = {Servicio Nacional de la Discapacidad},
  title = {Estadísticas sobre Discapacidad Auditiva en Chile},
  institution = {SENADIS},
  year = {2024},
  number = {EST-2024-01}
}