%Articulos
@article{000,
  title={Design sprint in classroom: exploring new active learning tools for project-based learning approach},
  author={Ferreira, Vin{\'\i}cius Gomes and Canedo, Edna Dias},
  journal={Journal of Ambient Intelligence and Humanized Computing},
  volume={11},
  pages={1191--1212},
  year={2020},
  publisher={Springer}
}

@article{001,
  title={Conociendo big data},
  author={Camargo-Vega, Juan Jos{\'e} and Camargo-Ortega, Jonathan Felipe and Joyanes-Aguilar, Luis},
  journal={Revista Facultad de Ingenier{\'\i}a},
  volume={24},
  number={38},
  pages={63--77},
  year={2015},
  publisher={Universidad Pedag{\'o}gica y Tecnol{\'o}gica de Colombia}
}
%Libros
@Book{002,
 author    = "Milton {Abramowitz} and Irene A. {Stegun}",
 title     = "Handbook of Mathematical Functions with
              Formulas, Graphs, and Mathematical Tables",
 publisher = "Dover",
 year      =  1964,
 address   = "New York City",
 edition   = "ninth Dover printing, tenth GPO printing"
}
% Paginas web
@online{
003,
author = "Warren E. Buffett",
title = "The Superinvestors of Graham-and-Doddsville",
year = "1984",
url = "https: //www8.gsb.columbia.edu/ sites/valueinvesting/files/files/Buffett1984.pdf",
urldate = "2019-06-30"
}

%Reportes
@techreport{004,
  author = {Jane Smith},
  title = {Informe técnico sobre robótica avanzada},
  institution = {Instituto de Tecnología},
  year = {2021},
  number = {TR-1234}
}